<?xml version="1.0" encoding="UTF-8"?><record xmlns="http://www.loc.gov/MARC21/slim" xmlns:cinclude="http://apache.org/cocoon/include/1.0" xmlns:zs="http://www.loc.gov/zing/srw/">
  <leader>00521cz  a2200157n  4500</leader>
  <controlfield tag="001">n  83208902 </controlfield>
  <controlfield tag="003">DLC</controlfield>
  <controlfield tag="005">20081217081012.0</controlfield>
  <controlfield tag="008">831027n| acannaabn          |a aaa      </controlfield>
  <datafield tag="010" ind1=" " ind2=" ">
    <subfield code="a">n  83208902 </subfield>
  </datafield>
  <datafield tag="035" ind1=" " ind2=" ">
    <subfield code="a">(OCoLC)oca01018861</subfield>
  </datafield>
  <datafield tag="040" ind1=" " ind2=" ">
    <subfield code="a">DLC</subfield>
    <subfield code="b">eng</subfield>
    <subfield code="c">DLC</subfield>
    <subfield code="d">OCoLC</subfield>
  </datafield>
  <datafield tag="100" ind1="1" ind2=" ">
    <subfield code="a">Talvitie, Jouko</subfield>
  </datafield>
  <datafield tag="400" ind1="1" ind2=" ">
    <subfield code="a">Talvitie, J.</subfield>
    <subfield code="q">(Jouko)</subfield>
  </datafield>
  <datafield tag="670" ind1=" " ind2=" ">
    <subfield code="a">His Airborne thermal surveying of the ground in Sokli, Finland, 1981:</subfield>
    <subfield code="b">t.p. (Talvitie, J.) verso of t.p. (Jouko Talvitie)</subfield>
  </datafield>
  <datafield tag="670" ind1=" " ind2=" ">
    <subfield code="a">LC data base, 8-15-83</subfield>
    <subfield code="b">(hdg.: Talvitie, Jouko)</subfield>
  </datafield>
</record>